@string{usenix-security = "Proceedings of the USENIX Security Symposium (USENIX)"}
@string{ccs             = "Proceedings of the ACM Conference on Computer and Communications Security (CCS)"}
@string{www             = "Proceedings of the International World Wide Web Conference (WWW)"}
@string{dsn             = "Proceedings of the Conference on Dependable Systems and Networks (DSN)"}
@string{raid-old        = "Proceedings of the Symposium on Recent Advances in Intrusion Detection (RAID)"}
@string{ieee-oakland    = "Proceedings of the IEEE Symposium on Security and Privacy"}
@string{acsac           = "Proceedings of the Annual Computer Security Applications Conference (ACSAC)"}
@string{codaspy         = "Proceedings of the ACM Conference on Data and Application Security and Privacy (CODASPY)"}
@string{ccgrid          = "Proceedings of the IEEE/ACM International Symposium on Cluster, Cloud and Grid Computing (CCGRID)"}
@string{icwe            = "Proceedings of the International Conference on Web Engineering (ICWE)"}
@string{icst            = "Proceedings of the IEEE International Conference on Software Testing, Verification and Validation (ICST)"}
@string{csmr            = "Proceedings of the European Conference on Software Maintenance and Reengineering (CSMR)"}
@string{fase            = "Proceedings of the International Conference on Fundamental Approaches to Software Engineering (FASE)"}
@string{vldb            = "Proceedings of the International Conference on Very Large Data Bases (VLDB)"}
@string{wcre            = "Proceedings of the Working Conference on Reverse Engineering (WCRE)"}
@string{ndss            = "Proceedings of the Symposium on Network and Distributed System Security (NDSS)"}
@string{asia-ccs        = "Proceedings of the ACM Symposium on Information, Computer and Communications Security (AsiaCCS)"}
@string{dimva           = "Proceedings of the Conference on Detection of Intrusions and Malware, and Vulnerability Assessment (DIMVA)"}
@string{dls             = "Proceedings of the ACM SIGPLAN Dynamic Languages Symposium (DLS)"}
@string{ace             = "Proceedings of the IEEE/ACM Conference on Automated Software Engineering (ASE)"}
@string{acm-plas        = "Proceedings of the ACM SIGPLAN Workshop on Programming Languages and Analysis for Security (PLAS)"}
@string{tacas           = "Proceedings of the International Conference on Tools and Algorithms for the Construction and Analysis of Systems (TACAS)"}
@string{pldi            = "Proceedings of the ACM SIGPLAN Conference on Programming Language Design and Implementation (PLDI)"}
@string{esorics         = "Proceedings of the European Symposium on Research in Computer Security (ESORICS)"}
@string{ifip-sec        = "Proceedings of the IFIP International Information Security Conference"}
@string{popl            = "Proceedings of the Symposium on Principles of Programming Languages (POPL)"}
@string{usenix-hot-topics = "Proceedings of the USENIX Workshop on Hot Topics in Security (HotSec)"}
@string{w2sp            = "Proceedings of the Workshop on Web 2.0 Security and Privacy (W2SP)"}
@string{sac             = "Proceedings of the ACM Symposium on Applied Computing (SAC)"}
@string{iceccs          = "Proceedings of the IEEE International Conference on Engineering of Complex Computer Systems (ICECCS)"}
@string{woot            = "Proceedings of the USENIX Workshop on Offensive Technologies (WOOT)"}
@string{mines           = "Proceedings of the International Conference on Multimedia Information Networking and Security (MINES)"}
@string{icc             = "Proceedings of the IEEE International Conference on Communications (ICC)"}
@string{cit             = "Proceedings of the IEEE International Conference on Computer and Information Technology (CIT)"}
@string{soaps           = "Proceedings of the Symposium on Accessible Privacy and Security (SOAPS)"}
@string{dyla            = "Proceedings of the Workshop on Dynamic Languages and Applications (DYLA)"}
@string{fse             = "Proceedings of the Joint Meeting on Foundations of Software Engineering (FSE)"}
@string{webapps         = "Proceedings of the USENIX Conference on Web Application Development (WebApps)"}
@string{issta           = "Proceedings of the International Symposium on Software Testing and Analysis (ISSTA)"}
@string{sas             = "Proceedings of the International Static Analysis Symposium (SAS)"}
@string{fie             = "Proceedings of the Frontiers in Education Conference (FIE)"}
@string{icse            = "Proceedings of the International Conference on Software Engineering (ICSE)"}
@string{cav             = "Proceedings of the International Conference on Computer-Aided Verification (CAV)"}
@string{aaai            = "Proceedings of the AAAI Cconference on Artifical Intelligence (AAAI)"}
@string{lopstr          = "Proceedings of the International Symposium on Logic-Based Program Synthesis and Transformation (LOPSTR)"}

@inproceedings{bowers2014pillarbox,
  title={PillarBox: Combating next-generation malware with fast forward-secure logging},
  author={Bowers, Kevin D and Hart, Catherine and Juels, Ari and Triandopoulos, Nikos},
  booktitle={International Workshop on Recent Advances in Intrusion Detection},
  year={2014},
}

@inproceedings{ma2018kernel,
  title={Kernel-Supported Cost-Effective Audit Logging for Causality Tracking},
  author={Ma, Shiqing and Zhai, Juan and Kwon, Yonghwi and Lee, Kyu Hyung and
                  Zhang, Xiangyu and Ciocarlie, Gabriela and Gehani, Ashish and
                  Yegneswaran, Vinod and Xu, Dongyan and Jha, Somesh},
  booktitle={Proc.\ of the USENIX Security Symposium (USENIX)},
  year={2018},
}

@inproceedings{aumasson2012siphash,
  title={SipHash: a fast short-input PRF},
  author={Aumasson, Jean-Philippe and Bernstein, Daniel J},
  booktitle={Proc.\ of the 12th International Conference on Cryptology in India (INDOCRYPT)},
  year={2012},
}

@article{alakuijala2016fast,
  title={Fast keyed hash/pseudo-random function using SIMD multiply and permute},
  author={Alakuijala, Jyrki and Cox, Bill and Wassenberg, Jan},
  journal={arXiv preprint arXiv:1612.06257},
  year={2016}
}

@inproceedings{bernstein2005poly1305,
  title={The Poly1305-AES message-authentication code},
  author={Bernstein, Daniel J},
  booktitle={Proc.\ of the 12th International Workshop on Fast Software Encryption (FSE)},
  year={2005},
}

@inproceedings{yavuz2009baf,
  title={Baf: An efficient publicly verifiable secure audit logging scheme for distributed systems},
  author={Yavuz, Attila Altay and Ning, Peng},
  booktitle={Proc.\ of the 25th Annual Computer Security Applications Conference (ACSAC)},
  year={2009},
}

@inproceedings{ma2007forward,
  title={Forward-secure sequential aggregate authentication},
  author={Ma, Di and Tsudik, Gene},
  booktitle={Proc.\ of the IEEE Symposium on Security and Privacy (S\&P)},
  year={2007},
}

@inproceedings{hartung2016secure,
  title={Secure audit logs with verifiable excerpts},
  author={Hartung, Gunnar},
  booktitle={Proc.\ of the Cryptographersâ€™ Track at the RSA Conference (CT-RSA)},
  year={2016},
}

%%%%%%%%%%%%%%%
%%%%%%%%%%%%%%%

@inproceedings{btb+2015,
	Author={Adam Bates and Dave Tian and Kevin R.B. Butler and Thomas Moyer},
	Booktitle={Proc.\ of 24th USENIX Security Symposium (USENIX)},
	Title={Trustworthy Whole-System Provenance for the Linux Kernel},
	Year={2015}
}

@inproceedings{lzx2013,
	author={Lee, Kyu Hyung and Zhang, Xiangyu and Xu, Dongyan},
	booktitle={Proc.\ of the 2013 ACM conference on Computer and Communications Security (CCS)},
	title={{LogGC}: Garbage Collecting Audit Log},
	year={2013},
}

@inproceedings{ma2016protracer,
    author={Ma, Shiqing and Zhang, Xiangyu and Xu, Dongyan},
    title={{ProTracer}: Towards Practical Provenance Tracing by Alternating Between Logging and Tainting.},
    booktitle={Proc.\ of the 23rd Network and Distributed System Security Symposium (NDSS)},
    year={2016}
}

@inproceedings{pmm+2012,
	Author={Pohly, D.J. and McLaughlin, S. and McDaniel, P. and Butler, K.},
	Title={{Hi-Fi}: Collecting High-Fidelity Whole-System Provenance},
	Booktitle={Proc.\ of the 28th Annual Computer Security Applications Conference (ACSAC)},
	Year={2012}
}

@inproceedings{bbm2015,
	Author={Adam Bates and Kevin R. B. Butler and Thomas Moyer},
	Title={Take Only What You Need: Leveraging Mandatory Access Control Policy to Reduce Provenance Storage Costs},
	booktitle={Proc.\ of the 7th USENIX Conference on Theory and Practice of Provenance (TaPP)},
	Year={2015}
}

@inproceedings{kwon18mci,
    title={{MCI}: Modeling-based Causality Inference in Audit Logging for Attack Investigation},
    author={Kwon, Yonghwi and Wang, Fei and Wang, Weihang and Lee, Kyu Hyung and Lee, Wen-Chuan and Ma, Shiqing and Zhang, Xiangyu and Xu, Dongyan and Jha, Somesh and Ciocarlie, Gabriela and others},
    booktitle={Proc.\ of the 25th Network and Distributed System Security Symposium (NDSS)},
    year={2018}
}

@inproceedings{pds2012,
	Author={Jaehong Park and Dang Nguyen and Sandhu, R.},
	Booktitle={Proc.\ of the 10th Annual International Conference on Privacy, Security and Trust (PST)},
	Title={A Provenance-Based Access Control Model},
	Year={2012}
}

@inproceedings{nguyen2014adopting,
    title={Adopting provenance-based access control in {OpenStack} cloud {IaaS}},
    author={Nguyen, Dang and Park, Jaehong and Sandhu, Ravi},
    booktitle={Proc.\ of the 8th International Conference on Network and System Security (NSS)},
    year={2014}
}

@inproceedings{bates2013towards,
	Author={Bates, Adam and Mood, Ben and Valafar, Masoud and Butler, Kevin},
	Booktitle={Proc.\ of the 3rd ACM Conference on Data and Application Security and Privacy (CODASPY)},
	Title={Towards Secure Provenance-based Access Control in Cloud Environments},
	Year={2013}
}

@inproceedings{king2005,
    title={Enriching Intrusion Alerts Through Multi-Host Causality.},
    author={King, Samuel T and Mao, Zhuoqing Morley and Lucchetti, Dominic G and Chen, Peter M},
    booktitle={Proc.\ of the 12th Annual Network and Distributed System Security Symposium (NDSS)},
    year={2005}
}

@inproceedings{kim2010,
    author={Kim, Taesoo and Wang, Xi and Zeldovich, Nickolai and Kaashoek, M. Frans},
    title={Intrusion Recovery Using Selective Re-execution},
    booktitle={Proc.\ of the 9th USENIX Conference on Operating Systems Design and Implementation (OSDI)},
    year={2010},
}

@inproceedings{he2016experience, 
    author={He, Shilin and Zhu, Jieming and He, Pinjia and Lyu, Michael R}, 
    booktitle={Proc.\ of IEEE 27th International Symposium on Software Reliability Engineering (ISSRE)}, 
    title={Experience Report: System Log Analysis for Anomaly Detection}, 
    year={2016}
}

@inproceedings{du2017deeplog,
    title={{DeepLog}: Anomaly Detection and Diagnosis from System Logs through Deep Learning},
    author={Du, Min and Li, Feifei and Zheng, Guineng and Srikumar, Vivek},
    booktitle={Proc.\ of the 2017 ACM Conference on Computer and Communications Security (CCS)},
    year={2017}
}

@techreport{bellare1997forward,
    title={Forward integrity for secure audit logs},
    author={Bellare, Mihir and Yee, Bennet},
    year={1997},
    institution={Computer Science and Engineering Department, University of California at San Diego}
}

@inproceedings{schneier1998cryptographic,
    title={Cryptographic Support for Secure Logs on Untrusted Machines.},
    author={Schneier, Bruce and Kelsey, John},
    booktitle={Proc.\ of the 7th USENIX Security Symposium (USENIX)},
    year={1998}
}

@article{schneier1999secure,
    title={Secure audit logs to support computer forensics},
    author={Schneier, Bruce and Kelsey, John},
    journal={ACM Transactions on Information and System Security (TISSEC)},
    year={1999}
}

@inproceedings{yavuz2012efficient,
    title={Efficient, compromise resilient and append-only cryptographic schemes for secure audit logging},
    author={Yavuz, Attila A and Ning, Peng and Reiter, Michael K},
    booktitle={Proc.\ of the 16th International Conference on Financial Cryptography and Data Security (FC)},
    year={2012},
}

@inproceedings{hartung2017practical,
    title={Practical and Robust Secure Logging from Fault-Tolerant Sequential Aggregate Signatures},
    author={Hartung, Gunnar and Kaidel, Bj{\"o}rn and Koch, Alexander and Koch, Jessica and Hartmann, Dominik},
    booktitle={Proc.\ of the 11th International Conference on Provable Security (ProvSec)},
    year={2017},
}

@inproceedings{crosby2009efficient,
    title={Efficient Data Structures For Tamper-Evident Logging.},
    author={Crosby, Scott A and Wallach, Dan S},
    booktitle={Proc.\ of the 18th USENIX Security Symposium (USENIX)},
    year={2009}
}

@inproceedings{pulls2015balloon,
    title={Balloon: A forward-secure append-only persistent authenticated data structure},
    author={Pulls, Tobias and Peeters, Roel},
    booktitle={Proc.\ of the 20th European Symposium on Research in Computer Security (ESORICS)},
    year={2015},
}

@inproceedings{sinha2014continuous,
    title={Continuous Tamper-Proof Logging Using {TPM} 2.0},
    author={Sinha, Arunesh and Jia, Limin and England, Paul and Lorch, Jacob R},
    booktitle={Proc.\ of the 7th International Conference on Trust and Trustworthy Computing (TRUST)},
    year={2014},
}

@inproceedings{karande2017sgx,
    author={Karande, Vishal and Bauman, Erick and Lin, Zhiqiang and Khan, Latifur},
    title={{SGX-Log}: Securing System Logs With {SGX}},
    booktitle={Proc.\ of the 2017 ACM on Asia Conference on Computer and Communications Security (ASIA CCS)},
    year={2017},
}

@online{auditproject,
    author={{Red Hat Customer Portal}},
    title={System Auditing},
    url={https://access.redhat.com/documentation/en-us/red_hat_enterprise_linux/6/html/security_guide/chap-system_auditing},
    lastaccessed={10-26-2018},
}

@inproceedings{holt2006logcrypt,
    Author={Holt, Jason E.},
    Title={Logcrypt: Forward Security and Public Verification for Secure Audit Logs},
    BookTitle={Proc.\ of the Fourth Australasian Information Security Workshop (AISW-NetSec)},
    Year={2006} 
}

@inproceedings{ma2017mpi,
    title={{MPI}: Multiple Perspective Attack Investigation with Semantics Aware Execution Partitioning},
    author={Ma, Shiqing and Zhai, Juan and Wang, Fei and Lee, Kyu Hyung and Zhang, Xiangyu and Xu, Dongyan},
    booktitle={Proc.\ of the 26th {USENIX} Security Symposium ({USENIX})},
    year={2017},
}

@inproceedings{hartung2017attacks,
    title={Attacks on Secure Logging Schemes},
    author={Hartung, Gunnar},
    booktitle={Proc.\ of the 21st International Conference on Financial Cryptography and Data Security (FC)},
    year={2017}
}

@inproceedings{bahmani2017secure,
    title={Secure multiparty computation from {SGX}},
    author={Bahmani, Raad and Barbosa, Manuel and Brasser, Ferdinand and Portela, Bernardo and Sadeghi, Ahmad-Reza and Scerri, Guillaume and Warinschi, Bogdan},
    booktitle={Proc.\ of the 21st International Conference on Financial Cryptography and Data Security (FC)},
    year={2017}
}

@inproceedings{kc2003,
	Author = {King, Samuel T. and Chen, Peter M.},
	Title = {Backtracking Intrusions},
	Booktitle={Proc.\ of the 19th ACM Symposium on Operating Systems Principles (SOSP)},
	Year = {2003},
}

@article{pasquier2015:camflow-tcc,
	author={Pasquier, Thomas and Singh, Jatinder and Eyers, David and Bacon, Jean},
	title={CamFlow: Managed Data-Sharing for Cloud Services},
	journal={IEEE Transactions on Cloud Computing (TCC)},
	year={2015},
}

@inproceedings{gt2012,
	Author = {Gehani, Ashish and Tariq, Dawood},
	Booktitle = {Proc.\ of the 13th International Middleware Conference (Middleware)},
	Title = {{SPADE}: Support for Provenance Auditing in Distributed Environments},
	Year = {2012}
}

@article{ma2009new,
    title={A new approach to secure logging},
    author={Ma, Di and Tsudik, Gene},
    journal={ACM Transactions on Storage (TOS)},
    volume={5},
    number={1},
    year={2009},
}

@inproceedings{ji2017rain,
    title={Rain: Refinable Attack Investigation with On-demand Inter-Process Information Flow Tracking},
    author={Ji, Yang and Lee, Sangho and Downing, Evan and Wang, Weiren and Fazzini, Mattia and Kim, Taesoo and Orso, Alessandro and Lee, Wenke},
    booktitle={Proc.\ of the 2017 ACM Conference on Computer and Communications Security ({CCS})},
    year={2017}
}

@inproceedings{muniswamy2006provenance,
    title={Provenance-Aware Storage Systems},
    author={Muniswamy-Reddy, Kiran-Kumar and Holland, David A and Braun, Uri and Seltzer, Margo I},
    booktitle={Proc.\ of the 2006 USENIX Annual Technical Conference (ATC)},
    year={2006}
}

@inproceedings{Zhou:2011:SNP:2043556.2043584,
    author={Zhou, Wenchao and Fei, Qiong and Narayan, Arjun and Haeberlen, Andreas and Loo, Boon Thau and Sherr, Micah},
    title={Secure Network Provenance},
    booktitle={Proc.\ of the 23rd ACM Symposium on Operating Systems Principles (SOSP)},
    year={2011},
}

@inproceedings{hassan2018towards,
    title={Towards Scalable Cluster Auditing through Grammatical Inference over Provenance Graphs},
    author={Hassan, Wajih Ul and Lemay, Mark and Aguse, Nuraini and Bates, Adam and Moyer, Thomas},
    booktitle={Network and Distributed System Security Symposium, NDSS},
    year={2018}
}

@inproceedings{aumasson2013blake2,
  title={BLAKE2: simpler, smaller, fast as MD5},
  author={Aumasson, Jean-Philippe and Neves, Samuel and Wilcox-Oâ€™Hearn, Zooko and Winnerlein, Christian},
  booktitle={International Conference on Applied Cryptography and Network Security},
  pages={119--135},
  year={2013},
  organization={Springer}
}

@misc{httpd,
    author={{The Apache Software Foundation}},
    title={httpd 2.4.18},
    howpublished={\url{https://httpd.apache.org/}},
    note={Last accessed 11-06-2018}
}

@misc{redis-server,
    author={{Redis Labs}},
    title={Redis 3.0.6},
    howpublished={\url{https://redis.io/}},
    note={Last accessed 11-06-2018}
}

@misc{apache-bench,
    author={{The Apache Software Foundation}},
    title={ab 2.3},
    howpublished={\url{https://httpd.apache.org/docs/2.4/programs/ab.html}},
    note={Last accessed 11-06-2018}
}

@misc{nginx,
    author={{NGINX Inc.}},
    title={NGINX 1.13.1},
    howpublished={\url{https://www.nginx.com/}},
    note={Last accessed 11-06-2018}
}

@misc{dirty-cow,
    title={CVE-2016-5195},
    howpublished={\url{https://nvd.nist.gov/vuln/detail/CVE-2016-5195}},
    note={Last accessed 12-18-2018}
}