@string{usenix-security = "Proceedings of the USENIX Security Symposium (USENIX)"}
@string{ccs             = "Proceedings of the ACM Conference on Computer and Communications Security (CCS)"}
@string{www             = "Proceedings of the International World Wide Web Conference (WWW)"}
@string{dsn             = "Proceedings of the Conference on Dependable Systems and Networks (DSN)"}
@string{raid-old        = "Proceedings of the Symposium on Recent Advances in Intrusion Detection (RAID)"}
@string{ieee-oakland    = "Proceedings of the IEEE Symposium on Security and Privacy (S\&P)"}
@string{acsac           = "Proceedings of the Annual Computer Security Applications Conference (ACSAC)"}
@string{codaspy         = "Proceedings of the ACM Conference on Data and Application Security and Privacy (CODASPY)"}
@string{ccgrid          = "Proceedings of the IEEE/ACM International Symposium on Cluster, Cloud and Grid Computing (CCGRID)"}
@string{icwe            = "Proceedings of the International Conference on Web Engineering (ICWE)"}
@string{icst            = "Proceedings of the IEEE International Conference on Software Testing, Verification and Validation (ICST)"}
@string{csmr            = "Proceedings of the European Conference on Software Maintenance and Reengineering (CSMR)"}
@string{fase            = "Proceedings of the International Conference on Fundamental Approaches to Software Engineering (FASE)"}
@string{vldb            = "Proceedings of the International Conference on Very Large Data Bases (VLDB)"}
@string{wcre            = "Proceedings of the Working Conference on Reverse Engineering (WCRE)"}
@string{ndss            = "Proceedings of the Symposium on Network and Distributed System Security (NDSS)"}
@string{asia-ccs        = "Proceedings of the ACM Symposium on Information, Computer and Communications Security (AsiaCCS)"}
@string{dimva           = "Proceedings of the Conference on Detection of Intrusions and Malware, and Vulnerability Assessment (DIMVA)"}
@string{dls             = "Proceedings of the ACM SIGPLAN Dynamic Languages Symposium (DLS)"}
@string{ace             = "Proceedings of the IEEE/ACM Conference on Automated Software Engineering (ASE)"}
@string{acm-plas        = "Proceedings of the ACM SIGPLAN Workshop on Programming Languages and Analysis for Security (PLAS)"}
@string{tacas           = "Proceedings of the International Conference on Tools and Algorithms for the Construction and Analysis of Systems (TACAS)"}
@string{pldi            = "Proceedings of the ACM SIGPLAN Conference on Programming Language Design and Implementation (PLDI)"}
@string{esorics         = "Proceedings of the European Symposium on Research in Computer Security (ESORICS)"}
@string{ifip-sec        = "Proceedings of the IFIP International Information Security Conference"}
@string{popl            = "Proceedings of the Symposium on Principles of Programming Languages (POPL)"}
@string{usenix-hot-topics = "Proceedings of the USENIX Workshop on Hot Topics in Security (HotSec)"}
@string{w2sp            = "Proceedings of the Workshop on Web 2.0 Security and Privacy (W2SP)"}
@string{sac             = "Proceedings of the ACM Symposium on Applied Computing (SAC)"}
@string{iceccs          = "Proceedings of the IEEE International Conference on Engineering of Complex Computer Systems (ICECCS)"}
@string{woot            = "Proceedings of the USENIX Workshop on Offensive Technologies (WOOT)"}
@string{mines           = "Proceedings of the International Conference on Multimedia Information Networking and Security (MINES)"}
@string{icc             = "Proceedings of the IEEE International Conference on Communications (ICC)"}
@string{cit             = "Proceedings of the IEEE International Conference on Computer and Information Technology (CIT)"}
@string{soaps           = "Proceedings of the Symposium on Accessible Privacy and Security (SOAPS)"}
@string{dyla            = "Proceedings of the Workshop on Dynamic Languages and Applications (DYLA)"}
@string{fse             = "Proceedings of the Joint Meeting on Foundations of Software Engineering (FSE)"}
@string{webapps         = "Proceedings of the USENIX Conference on Web Application Development (WebApps)"}
@string{issta           = "Proceedings of the International Symposium on Software Testing and Analysis (ISSTA)"}
@string{sas             = "Proceedings of the International Static Analysis Symposium (SAS)"}
@string{fie             = "Proceedings of the Frontiers in Education Conference (FIE)"}
@string{icse            = "Proceedings of the International Conference on Software Engineering (ICSE)"}
@string{cav             = "Proceedings of the International Conference on Computer-Aided Verification (CAV)"}
@string{aaai            = "Proceedings of the AAAI Cconference on Artifical Intelligence (AAAI)"}
@string{lopstr          = "Proceedings of the International Symposium on
                  Logic-Based Program Synthesis and Transformation (LOPSTR)"}
@string{iclr            = "Proceedings of the International Conference on
                  Learning Representations (ICLR)"}
@string{eurocrypt       = "Proceedings of the International Conference on
                  the Theory and Applications of Cryptographic Techniques
                  (EUROCRYPT)"}
@string{focs            = "Proceedings of the Symposium on
                  Foundations of Computer Science (FOCS)"}

                  
@inproceedings{canetti2001universally,
  title={Universally composable security: A new paradigm for cryptographic protocols},
  author={Canetti, R.},
  booktitle=focs,
  year={2001}
}

@inproceedings{goldreich1987play,
  title={How to play any mental game},
  author={Goldreich, Oded and Micali, Silvio and Wigderson, Avi},
  booktitle={Proceedings of the nineteenth annual ACM symposium on Theory of computing},
  pages={218--229},
  year={1987},
  organization={ACM}
}

@inproceedings{barthe2011computer,
  title={Computer-aided security proofs for the working cryptographer},
  author={Barthe, G. and Gr{\'e}goire, B. and Heraud, S. and B{\'e}guelin, S.},
  booktitle=eurocrypt,
  year=2011
}

@article{geisler2010cryptographic,
  title={Cryptographic protocols: theory and implementation},
  author={Geisler, Martin},
  journal={Doktorsavhandling, Aarhus Universitet},
  year={2010}
}

@inproceedings{canetti2001commitments,
  title={Universally composable commitments},
  author={Canetti, Ran and Fischlin, Marc},
  booktitle={Annual International Cryptology Conference},
  pages={19--40},
  year={2001},
  organization={Springer}
}

@article{barthe2009formal,
  title={Formal certification of code-based cryptographic proofs},
  author={Barthe, Gilles and Gr{\'e}goire, Benjamin and Zanella B{\'e}guelin, Santiago},
  journal={ACM SIGPLAN Notices},
  volume={44},
  number={1},
  pages={90--101},
  year={2009},
  publisher={ACM}
}

@inproceedings{blanchet2007cryptoverif,
  title={CryptoVerif: Computationally sound mechanized prover for cryptographic protocols},
  author={Blanchet, Bruno},
  booktitle={Dagstuhl seminar â€œFormal Protocol Verification Applied},
  pages={117},
  year={2007}
}

@article{blanchet2005proverif,
  title={ProVerif automatic cryptographic protocol verifier user manual},
  author={Blanchet, Bruno},
  journal={CNRS, Departement dInformatique, Ecole Normale Superieure, Paris},
  year={2005}
}

@article{blanchet2010proverif,
  title={Proverif: Cryptographic protocol verifier in the formal model},
  author={Blanchet, Bruno and Cheval, V and Allamigeon, X and Smyth, B},
  journal={URL http://prosecco. gforge. inria. fr/personal/bblanche/proverif},
  year={2010}
}

@inproceedings{barthe2014probabilistic,
  title={Probabilistic relational verification for cryptographic implementations},
  author={Barthe, Gilles and Fournet, C{\'e}dric and Gr{\'e}goire, Benjamin and Strub, Pierre-Yves and Swamy, Nikhil and Zanella-B{\'e}guelin, Santiago},
  booktitle={ACM SIGPLAN Notices},
  volume={49},
  number={1},
  pages={193--205},
  year={2014},
  organization={ACM}
}

@inproceedings{lewis2003cryptol,
  title={Cryptol: High assurance, retargetable crypto development and validation},
  author={Lewis, Jeffrey R and Martin, Brad},
  booktitle={Military Communications Conference, 2003. MILCOM'03. 2003 IEEE},
  volume={2},
  pages={820--825},
  year={2003},
  organization={IEEE}
}

@inproceedings{bellare2006security,
  title={The security of triple encryption and a framework for code-based game-playing proofs},
  author={Bellare, Mihir and Rogaway, Phillip},
  booktitle={Annual International Conference on the Theory and Applications of Cryptographic Techniques},
  pages={409--426},
  year={2006},
  organization={Springer}
}

@inproceedings{comon2008computational,
  title={Computational soundness of observational equivalence},
  author={Comon-Lundh, Hubert and Cortier, V{\'e}ronique},
  booktitle={Proceedings of the 15th ACM conference on Computer and communications security},
  pages={109--118},
  year={2008},
  organization={ACM}
}

@article{bohl2016symbolic,
  title={Symbolic universal composability},
  author={B{\"o}hl, Florian and Unruh, Dominique},
  journal={Journal of Computer Security},
  volume={24},
  number={1},
  pages={1--38},
  year={2016},
  publisher={IOS Press}
}

@article{goldwasser1989knowledge,
  title={The knowledge complexity of interactive proof systems},
  author={Goldwasser, Shafi and Micali, Silvio and Rackoff, Charles},
  journal={SIAM Journal on computing},
  volume={18},
  number={1},
  pages={186--208},
  year={1989},
  publisher={SIAM}
}

@inproceedings{canetti2007universally,
  title={Universally composable security with global setup},
  author={Canetti, Ran and Dodis, Yevgeniy and Pass, Rafael and Walfish, Shabsi},
  booktitle={Theory of Cryptography Conference},
  pages={61--85},
  year={2007},
  organization={Springer}
}

@inproceedings{canetti2003universal,
  title={Universal composition with joint state},
  author={Canetti, Ran and Rabin, Tal},
  booktitle={Annual International Cryptology Conference},
  pages={265--281},
  year={2003},
  organization={Springer}
}

@article{backes2007reactive,
  title={The reactive simulatability (RSIM) framework for asynchronous systems},
  author={Backes, Michael and Pfitzmann, Birgit and Waidner, Michael},
  journal={Information and Computation},
  volume={205},
  number={12},
  pages={1685--1720},
  year={2007},
  publisher={Elsevier}
}

@article{hofheinz2015gnuc,
  title={GNUC: A new universal composability framework},
  author={Hofheinz, Dennis and Shoup, Victor},
  journal={Journal of Cryptology},
  volume={28},
  number={3},
  pages={423--508},
  year={2015},
  publisher={Springer}
}

@article{halevi2005plausible,
  title={A plausible approach to computer-aided cryptographic proofs.},
  author={Halevi, Shai},
  journal={IACR Cryptology ePrint Archive},
  volume={2005},
  pages={181},
  year={2005},
  publisher={Citeseer}
}

@inproceedings{rastogi2014wysteria,
  title={Wysteria: A programming language for generic, mixed-mode multiparty computations},
  author={Rastogi, A. and Hammer, M. and Hicks, M.},
  booktitle=ieee-oakland,
  year=2014
}

@inproceedings{swamy2016dependent,
  title={Dependent types and multi-monadic effects in $\text{F}^{\star}$},
  author={Swamy, N. and Hri{\c{t}}cu, C. and Keller, C. and Rastogi, A. and Delignat-Lavaud, A. and Forest, S. and Bhargavan, K. and Fournet, C. and others},
  booktitle=popl,
  year={2016}
}

@article{chong2016report,
  title={Report on the {NSF} workshop on Formal Methods for Security},
  author={Chong, S. and Guttman, J. and Datta, A. and Myers, A. and Pierce, B. and Schaumont, P. and Sherwood, T. and Zeldovich, N.},
  journal={arXiv preprint arXiv:1608.00678},
  year={2016}
}

@inproceedings{bentov2017instantaneous,
  title={Instantaneous decentralized poker},
  author={Bentov, Iddo and Kumaresan, Ranjit and Miller, Andrew},
  booktitle={International Conference on the Theory and Application of Cryptology and Information Security},
  pages={410--440},
  year={2017},
  organization={Springer}
}

@inproceedings{kosba2016hawk,
  title={Hawk: The blockchain model of cryptography and privacy-preserving smart contracts},
  author={Kosba, Ahmed and Miller, Andrew and Shi, Elaine and Wen, Zikai and Papamanthou, Charalampos},
  booktitle={2016 IEEE symposium on security and privacy (SP)},
  pages={839--858},
  year={2016},
  organization={IEEE}
}

@article{miller2017sprites,
  title={Sprites: Payment channels that go faster than lightning},
  author={Miller, Andrew and Bentov, Iddo and Kumaresan, Ranjit and McCorry, Patrick},
  journal={CoRR abs/1702.05812},
  year={2017}
}
@inproceedings{miller2016honey,
  title =	 {The honey badger of BFT protocols},
  author =	 {Miller, Andrew and Xia, Yu and Croman, Kyle and Shi,
                  Elaine and Song, Dawn},
  booktitle =	 {Proceedings of the 2016 ACM SIGSAC Conference on
                  Computer and Communications Security},
  pages =	 {31--42},
  year =	 {2016},
  organization = {ACM}
}

@inproceedings{coretti2016constant,
  title={Constant-round asynchronous multi-party computation based on one-way functions},
  author={Coretti, Sandro and Garay, Juan and Hirt, Martin and Zikas, Vassilis},
  booktitle={International Conference on the Theory and Application of Cryptology and Information Security},
  pages={998--1021},
  year={2016},
  organization={Springer}
}

@inproceedings{camenisch2016universal,
  title={Universal composition with responsive environments},
  author={Camenisch, Jan and Enderlein, Robert R and Krenn, Stephan and K{\"u}sters, Ralf and Rausch, Daniel},
  booktitle={International Conference on the Theory and Application of Cryptology and Information Security},
  pages={807--840},
  year={2016},
  organization={Springer}
}

@article{honda2008multiparty,
  title={Multiparty asynchronous session types},
  author={Honda, Kohei and Yoshida, Nobuko and Carbone, Marco},
  journal={ACM SIGPLAN Notices},
  volume={43},
  number={1},
  pages={273--284},
  year={2008},
  publisher={ACM}
}

@book{milner1999communicating,
  title={Communicating and mobile systems: the pi calculus},
  author={Milner, Robin},
  year={1999},
  publisher={Cambridge university press}
}

@inproceedings{abadi2001mobile,
  title={Mobile values, new names, and secure communication},
  author={Abadi, Mart{\'\i}n and Fournet, C{\'e}dric},
  booktitle={ACM Sigplan Notices},
  volume={36},
  number={3},
  pages={104--115},
  year={2001},
  organization={ACM}
}

@article{cortier2011survey,
  title={A survey of symbolic methods in computational analysis of cryptographic systems},
  author={Cortier, V{\'e}ronique and Kremer, Steve and Warinschi, Bogdan},
  journal={Journal of Automated Reasoning},
  volume={46},
  number={3-4},
  pages={225--259},
  year={2011},
  publisher={Springer-Verlag New York, Inc.}
}

@article{fowler2018session,
  title={Session Types without Tiers},
  author={Fowler, Simon and Lindley, Sam and Morris, J Garrett and Decova, S{\'a}ra},
  year={2018}
}

@article{abadi1999calculus,
  title={A calculus for cryptographic protocols: The spi calculus},
  author={Abadi, Mart{\i}n and Gordon, Andrew D},
  journal={Information and computation},
  volume={148},
  number={1},
  pages={1--70},
  year={1999},
  publisher={Elsevier}
}

@article{kobayashi1999linearity,
  title={Linearity and the pi-calculus},
  author={Kobayashi, Naoki and Pierce, Benjamin C and Turner, David N},
  journal={ACM Transactions on Programming Languages and Systems (TOPLAS)},
  volume={21},
  number={5},
  pages={914--947},
  year={1999},
  publisher={ACM}
}

@article{brassard1988minimum,
  title={Minimum disclosure proofs of knowledge},
  author={Brassard, Gilles and Chaum, David and Cr{\'e}peau, Claude},
  journal={Journal of Computer and System Sciences},
  volume={37},
  number={2},
  pages={156--189},
  year={1988},
  publisher={Academic Press}
}

@inproceedings{canetti2015simpler,
  title={A simpler variant of universally composable security for standard multiparty computation},
  author={Canetti, Ran and Cohen, Asaf and Lindell, Yehuda},
  booktitle={Annual Cryptology Conference},
  pages={3--22},
  year={2015},
  organization={Springer}
}

@inproceedings{miller2014authenticated,
  title={Authenticated data structures, generically},
  author={Miller, Andrew and Hicks, Michael and Katz, Jonathan and Shi, Elaine},
  booktitle={ACM SIGPLAN Notices},
  volume={49},
  number={1},
  pages={411--423},
  year={2014},
  organization={ACM}
}

@phdthesis{barras1997coq,
  title={The Coq proof assistant reference manual: Version 6.1},
  author={Barras, Bruno and Boutin, Samuel and Cornes, Cristina and Courant, Judica{\"e}l and Filliatre, Jean-Christophe and Gimenez, Eduardo and Herbelin, Hugo and Huet, Gerard and Munoz, Cesar and Murthy, Chetan and others},
  year={1997},
  school={Inria}
}